@inproceedings{deng2009imagenet,
	title={{ImageNet}: A large-scale hierarchical image database},
	author={Deng, Jia and Dong, Wei and Socher, Richard and Li, Li-Jia and Li, Kai and Fei-Fei, Li},
	booktitle={IEEE Conference on Computer Vision and Pattern Recognition},
	pages={248--255},
	year={2009},
	organization={Ieee}
}

@article{krizhevsky2012imagenet,
  title={Imagenet classification with deep convolutional neural networks},
  author={Krizhevsky, Alex and Sutskever, Ilya and Hinton, Geoffrey E},
  journal={Advances in neural information processing systems},
  volume={25},
  pages={1097--1105},
  year={2012}
}

@InProceedings{Wu_2018_CVPR,
	author = {Wu, Zhirong and Xiong, Yuanjun and Yu, Stella X. and Lin, Dahua},
	title = {Unsupervised Feature Learning via Non-Parametric Instance Discrimination},
	booktitle = {Proceedings of the IEEE Conference on Computer Vision and Pattern Recognition (CVPR)},
	month = {June},
	year = {2018}
}

@article{oord2018representation,
	title={Representation learning with contrastive predictive coding},
	author={Oord, Aaron van den and Li, Yazhe and Vinyals, Oriol},
	journal={arXiv preprint arXiv:1807.03748},
	year={2018}
}
@article{rand1971objective,
	title={Objective criteria for the evaluation of clustering methods},
	author={Rand, William M},
	journal={Journal of the American Statistical association},
	volume={66},
	number={336},
	pages={846--850},
	year={1971},
	publisher={Taylor \& Francis Group}
}